@book{SilvermanTate,
  title={Rational Points on Elliptic Curves},
  author={Silverman, Joseph H. and Tate, John T. and Springer-Verlag (Nowy Jork).},
  isbn={9780387978253},
  lccn={92004669},
  series={Structure and Bonding},
  url={https://books.google.co.cr/books?id=rNAPAQAAMAAJ},
  year={1992},
  publisher={Springer-Verlag}
}
@book{SilvermanGTM,
  title={The Arithmetic of Elliptic Curves},
  author={Silverman, Joseph H.},
  isbn={9780387094946},
  lccn={2009926474},
  series={Graduate Texts in Mathematics},
  url={https://books.google.co.cr/books?id=Z90CA\_EUCCkC},
  year={2009},
  publisher={Springer New York}
}
